<record><leader>00000cas a22000007a 4500</leader><controlfield tag="001">8786857</controlfield><controlfield tag="008">820918d18791884coudn ne      0    0eng  </controlfield><datafield ind1=" " ind2=" " tag="010"><subfield code="a">sn 82014436 </subfield></datafield><datafield ind1=" " ind2=" " tag="040"><subfield code="a">DLC</subfield><subfield code="b">eng</subfield><subfield code="c">DLC</subfield><subfield code="d">NPV</subfield><subfield code="d">NPT</subfield><subfield code="d">DLC</subfield><subfield code="d">NVF</subfield><subfield code="d">OCLCQ</subfield></datafield><datafield ind1=" " ind2=" " tag="042"><subfield code="a">msc</subfield></datafield><datafield ind1="0" ind2="0" tag="050"><subfield code="a">Newspaper 7211-X</subfield></datafield><datafield ind1="0" ind2="0" tag="245"><subfield code="a">Leadville daily herald.</subfield></datafield><datafield ind1="1" ind2="3" tag="246"><subfield code="a">Leadville herald</subfield></datafield><datafield ind1=" " ind2=" " tag="260"><subfield code="a">Leadville, Colo. :</subfield><subfield code="b">Leadville Herald Print. Co.</subfield></datafield><datafield ind1=" " ind2=" " tag="300"><subfield code="a">v. :</subfield><subfield code="b">ill. ;</subfield><subfield code="c">65 cm.</subfield></datafield><datafield ind1=" " ind2=" " tag="310"><subfield code="a">Daily (except Monday)</subfield></datafield><datafield ind1="1" ind2=" " tag="362"><subfield code="a">Began with Oct. 21, 1879 issue.</subfield></datafield><datafield ind1="0" ind2=" " tag="362"><subfield code="a">-v. 9, no. 68 (Jan. 11, 1884).</subfield></datafield><datafield ind1=" " ind2=" " tag="580"><subfield code="a">Weekly ed.: Leadville weekly herald, &lt;1880&gt;-1884.</subfield></datafield><datafield ind1=" " ind2=" " tag="588"><subfield code="a">Description based on: Vol. 1, no. 82 (Jan. 24, 1880).</subfield></datafield><datafield ind1=" " ind2=" " tag="752"><subfield code="a">United States</subfield><subfield code="b">Colorado</subfield><subfield code="c">Lake</subfield><subfield code="d">Leadville.</subfield></datafield><datafield ind1="1" ind2=" " tag="775"><subfield code="t">Leadville weekly herald</subfield><subfield code="w">(DLC)sn 82014220</subfield></datafield><datafield ind1="0" ind2="0" tag="785"><subfield code="t">Leadville herald</subfield><subfield code="w">(DLC)sn 84025774</subfield></datafield><datafield ind1="1" ind2=" " tag="029"><subfield code="a">AU@</subfield><subfield code="b">000025817596</subfield></datafield></record>